@book{lamport1986,
    author    = {Leslie Lamport},
    title     = {LaTeX: A Document Preparation System},
    publisher = {Addison-Wesley},
    year      = {1986}
}

@article{einstein1905,
    author  = {Albert Einstein},
    title   = {On the Electrodynamics of Moving Bodies},
    journal = {Annalen der Physik},
    year    = {1905},
    volume  = {17},
    pages   = {891--921}
}

@inproceedings{goodfellow2016deep,
    author    = {Ian Goodfellow and Yoshua Bengio and Aaron Courville},
    title     = {Deep Learning},
    booktitle = {Proceedings of Machine Learning Conference},
    year      = {2016},
    publisher = {MIT Press}
}


@misc{latexwebsite,
    author  = {Overleaf},
    title   = {Overleaf - Online {\LaTeX} Editor},
    year    = {2023},
    url     = {https://www.overleaf.com},
    note    = {Accessed: 2023-12-01}
}

